@article{afyouni2012spatial,
  title={Spatial models for context-aware indoor navigation systems: A survey},
  author={Afyouni, Imad and Cyril, Ray and Christophe, Claramunt},
  journal={Journal of Spatial Information Science},
  volume={1},
  number={4},
  pages={85--123},
  year={2012}
}

@phdthesis{alamri2014adjacency,
  title={Adjacency-based indexing for moving objects in spatial databases},
  author={Alamri, Sultan Mofareh},
  year={2014},
  school={Monash University. Faculty of Information Technology. Clayton School of Information Technology}
}

@inproceedings{bian2014research,
  title={Research on Personalized Indoor Routing Algorithm},
  author={Bian, Weijun and Guo, Yucheng and Qiu, Qizhi},
  booktitle={Distributed Computing and Applications to Business, Engineering and Science (DCABES), 2014 13th International Symposium on},
  pages={275--277},
  year={2014},
  organization={IEEE}
}

@inproceedings{gotlib2012research,
  title={The research on cartographical indoor presentation and indoor route modeling for navigation applications},
  author={Gotlib, Dariusz and Gnat, Mi{\l}osz and Marciniak, Jacek},
  booktitle={Indoor Positioning and Indoor Navigation (IPIN), 2012 International Conference on},
  pages={1--7},
  year={2012},
  organization={IEEE}
}

@inproceedings{gubichev2010fast,
  title={Fast and accurate estimation of shortest paths in large graphs},
  author={Gubichev, Andrey and Bedathur, Srikanta and Seufert, Stephan and Weikum, Gerhard},
  booktitle={Proceedings of the 19th ACM international conference on Information and knowledge management},
  pages={499--508},
  year={2010},
  organization={ACM}
}

@article{guting1994introduction,
  title={An introduction to spatial database systems},
  author={G{\"u}ting, Ralf Hartmut},
  journal={The VLDB Journalâ€”The International Journal on Very Large Data Bases},
  volume={3},
  number={4},
  pages={357--399},
  year={1994},
  publisher={Springer-Verlag New York, Inc.}
}

@article{han2014design,
  title={The design and development of indoor 3D routing system},
  author={Han, Litao and Zhang, Teng and Wang, Zhenyong},
  journal={Journal of Software},
  volume={9},
  number={5},
  pages={1223--1228},
  year={2014}
}

@book{karimi2011universal,
  title={Universal navigation on smartphones},
  author={Karimi, Hassan A},
  year={2011},
  publisher={Springer Science \& Business Media}
}

@article{magzhan2013review,
  title={A review and evaluations of shortest path algorithms},
  author={Magzhan, Kairanbay and Jani, Hajar Mat},
  journal={International journal of scientific \& technology research},
  volume={2},
  number={6},
  year={2013},
  publisher={Citeseer}
}

@book{okabe2009spatial,
  title={Spatial tessellations: concepts and applications of Voronoi diagrams},
  author={Okabe, Atsuyuki and Boots, Barry and Sugihara, Kokichi and Chiu, Sung Nok},
  volume={501},
  year={2009},
  publisher={John Wiley \& Sons}
}

@article{sathyaraj2008multiple,
  title={Multiple UAVs path planning algorithms: a comparative study},
  author={Sathyaraj, B Moses and Jain, Lakhmi C and Finn, Anthony and Drake, S},
  journal={Fuzzy Optimization and Decision Making},
  volume={7},
  number={3},
  pages={257--267},
  year={2008},
  publisher={Springer}
}

@article{chopde2013landmark,
  title={Landmark based shortest path detection by using A* and Haversine formula},
  author={Chopde, Nitin R and Nichat, M},
  journal={International Journal of Innovative Research in Computer and Communication Engineering},
  volume={1},
  number={2},
  pages={298--302},
  year={2013}
}